`
@article{Pillai2012,
author = 	{{Pillai}, Natesh S. and {Stuart}, Andrew M. and {Thiéry}, Alexandre H.},
fjournal = 	{The Annals of Applied Probability"},
journal = 	{Ann. Appl. Probab.},
month = 	{12},
number = 	{6},
pages = 	{2320--2356},
publisher = 	{The Institute of Mathematical Statistics},
title = 	{Optimal scaling and diffusion limits for the Langevin algorithm in high dimensions},
volume = 	{22},
year = 		{2012}
}

@article{Mattingly2010,
author = 	{{Mattingly}, Jonathan C. and {Pillai}, Natesh S. and {Stuart}, Andrew M.},
fjournal = 	{The Annals of Applied Probability},
journal = 	{Ann. Appl. Probab.},
number = 	{3},
pages = 	{881--930},
publisher = 	{The Institute of Mathematical Statistics},
title = 	{Diffusion Limits of the Random Walk Metropolis Algorithm in High Dimensions},
volume = 	{22},
year = 		{2012}
}

@article{Beskos20112201,
title = {Hybrid Monte Carlo on Hilbert spaces},
journal = {Stochastic Processes and their Applications},
volume = {121},
number = {10},
pages = {2201 - 2230},
year = {2011},
author = {A. {Beskos} and F.J. {Pinski} and J.M. {Sanz-Serna} and A.M. {Stuart}}
}

@article{Beskos2009-2,
author = {{Beskos}, Alexandros and {Roberts}, Gareth and {Stuart}, Andrew},
fjournal = {The Annals of Applied Probability},
journal = {Ann. Appl. Probab.},
month = {06},
number = {3},
pages = {863--898},
publisher = {The Institute of Mathematical Statistics},
title = {Optimal scalings for local Metropolis–Hastings chains on nonproduct targets in high dimensions},
year = {2009}
}

@article{Beskos2008,
author = {{Beskos}, Alexandros and {Roberts}, Gareth and {Stuart}, Andrew and {Voss}, Jochen},
title = {MCMC Methods For Diffusion Bridges},
journal = {Stochastics and Dynamics},
volume = {08},
number = {03},
pages = {319-350},
year = {2008},
}

@article{breyer2004,
author = {{Breyer}, Laird Arnault and {Piccioni}, Mauro and {Scarlatti}, Sergio},
fjournal = {The Annals of Applied Probability},
journal = {Ann. Appl. Probab.},
month = {08},
number = {3},
pages = {1479--1505},
publisher = {The Institute of Mathematical Statistics},
title = {Optimal scaling of MaLa for nonlinear regression},
volume = {14},
year = {2004}
}

@article{Breyer2000181,
title = {From Metropolis to diffusions: Gibbs states and optimal scaling},
journal = {Stochastic Processes and their Applications},
volume = {90},
number = {2},
pages = {181 - 206},
year = {2000},
author = {L.A. {Breyer} and G.O. {Roberts}}
}

@book{DaPrato1992,
author = {Guiseppe {Da Prato} and Jerzy {Zabczyk}},
title = {Stochastic Equations in Infinite Dimensions}, 
publisher = {Cambridge University Press}, 
year = {1992},
note = {Cambridge Books Online}, 
}

@article{Dashti2012,
title ={Besov priors for Bayesian inverse problems},
journal ={Inverse Problems and Imaging},
volume ={6},
number ={2},
pages ={183-200},
year ={2012},
author ={Masoumeh {Dashti} and Stephen {Harris} and Andrew {Stuart}},
}

@InCollection{Hairer2011,
    Author = {M. {Hairer} and A. {Stuart} and J. {Voss}},
    Title = {{Signal processing problems on function space: Bayesian formulation, stochastic PDEs and effective MCMC methods.}},
    BookTitle = {{The Oxford handbook of nonlinear filtering}},
    Pages = {833--873},
    Year = {2011},
    Publisher = {Oxford: Oxford University Press},
}

@article{Hairer2007,
author = {{Hairer}, M. and {Stuart}, A. M. and {Voss}, J.},
fjournal = {The Annals of Applied Probability},
journal = {Ann. Appl. Probab.},
month = {10},
number = {5/6},
pages = {1657--1706},
publisher = {The Institute of Mathematical Statistics},
title = {Analysis of SPDEs arising in path sampling part II: The nonlinear case},
volume = {17},
year = {2007}
}

@article{Hairer2005,
author = "Hairer, M. and Stuart, A. M. and Voss, J. and Wiberg, P.",
fjournal = "Communications in Mathematical Sciences",
journal = "Commun. Math. Sci.",
month = "12",
number = "4",
pages = "587--603",
publisher = "International Press of Boston",
title = "Analysis of SPDEs arising in path sampling. Part I: The Gaussian case",
volume = "3",
year = "2005"
}

@article{Lassas200987,
title ="Discretization-invariant Bayesian inversion and Besov space priors",
journal ="Inverse Problems and Imaging",
volume ="3",
number ="1",
pages ="87-122",
year ="2009",
author ="Matti  Lassas and Eero  Saksman and Samuli  Siltanen",
}

@article{Roberts1997,
author = "Roberts, G. O. and Gelman, A. and Gilks, W. R.",
fjournal = "The Annals of Applied Probability",
journal = "Ann. Appl. Probab.",
month = "02",
number = "1",
pages = "110--120",
publisher = "The Institute of Mathematical Statistics",
title = "Weak convergence and optimal scaling of random walk Metropolis algorithms",
volume = "7",
year = "1997"
}

@article{Roberts2001,
author = "Roberts, Gareth O. and Rosenthal, Jeffrey S.",
fjournal = "Statistical Science",
journal = "Statist. Sci.",
month = "11",
number = "4",
pages = "351--367",
publisher = "The Institute of Mathematical Statistics",
title = "Optimal scaling for various Metropolis-Hastings algorithms",
volume = "16",
year = "2001"
}

@article{Sherlock2010,
author = {{Sherlock}, Chris and {Fearnhead}, Paul and {Roberts}, Gareth O.},
fjournal = {Statistical Science},
journal = {Statist. Sci.},
month = {05},
number = {2},
pages = {172--190},
publisher = {The Institute of Mathematical Statistics},
title = {The Random Walk Metropolis: Linking Theory and Practice Through a Case Study},
volume = {25},
year = {2010}
}

@article{Stuart2010,
author = {Stuart,A. M.},
title = {Inverse problems: A Bayesian perspective},
journal = {Acta Numerica},
volume = {19},
month = {5},
year = {2010},
pages = {451--559},
numpages = {109},
}

@article{Bedard2007,
author = {{Bédard}, Mylène},
fjournal = {The Annals of Applied Probability},
journal = {Ann. Appl. Probab.},
month = {08},
number = {4},
pages = {1222--1244},
publisher = {The Institute of Mathematical Statistics},
title = {Weak convergence of Metropolis algorithms for non-i.i.d. target distributions},
volume = {17},
year = {2007}
}

@article{Berger1986,
year= {1986},
journal={Probability Theory and Related Fields},
volume={71},
number={4},
title={Asymptotic behaviour of a class of stochastic approximation procedures},
publisher={Springer-Verlag},
author={Berger, Erich},
pages={517-552},
language={English}
}

@article{Metropolis1953,
   author = {{Metropolis}, N. and {Rosenbluth}, A.~W. and {Rosenbluth}, M.~N. and 
	{Teller}, A.~H. and {Teller}, E.},
    title = {Equation of State Calculations by Fast Computing Machines},
  journal = {Journal of Chemical Physics},
     year = {1953},
    month = {jun},
   volume = {21},
    pages = {1087--1092},
}

@article{ChenWhite1998,
   author = {{Chen}, X. and {White}, H.},
    title = {Central limit and functional central limit theorems for Hilbert-valued dependent heterogeneous arrays with applications},
  journal = {Econometric theory.- Cambridge Univ. Press},
     year = {1998},
    month = {feb},
   volume = {14},
    pages = {260--284},
      doi = {}
}

@article{Beskos2009,
  author = {{Beskos}, A. and {Stuart}, A.},
  title = {MCMC Methods for Sampling Function Space},
  journal = {ICIAM 07: 6th International Congress on Industrial and Applied Mathematics},
  year = {2009},
  publisher = {European Mathematical Society},
  pages = {337--364},
  doi = {}
}

@article{Hastings1970,
   author = {{Hastings}, W. K.},
    title = {Monte Carlo Sampling Methods Using Markov Chains and Their Applications},
  journal = {Biometrika},
     year = {1970},
    month = {apr},
   volume = {57},
    pages = {97--109},
      doi = {}
}

@article{MCAtWork1987,
   author = {{Doolen}, Gary D. and {Hendricks}, John},
    title = {Monte Carlo at Work},
  journal = {Los Alamos Science},
     year = {1987},
   volume = {15},
    pages = {142--143},
      doi = {}
}

@article{UlamNeumannMC1987,
   author = {{Eckhardt}, Roger},
    title = {Stan Ulam, John von Neumann, and the Monte Carlo Method},
  journal = {Los Alamos Science},
     year = {1987},
   volume = {15},
    pages = {131--137},
      doi = {}
}

@book{Robert2005,
 author = {{Robert}, Christian P. and {Casella}, George},
 title = {Monte Carlo Statistical Methods},
 year = {2005},
 publisher = {Springer-Verlag New York},
} 

@book{Meyn2009,
 author = {{Meyn}, Sean and {Tweedie}, Richard L.},
 title = {Markov Chains and Stochastic Stability},
 year = {2009},
 edition = {2nd},
 publisher = {Cambridge University Press},
 address = {New York, NY, USA},
} 

@article{Rosenthal2004,
   author = {{Roberts}, Gareth O. and {Rosenthal}, Jeffrey S.},
    title = {General state space Markov chains and MCMC algorithms},
  journal = {Probability Surveys},
     year = {2004},
   volume = {1},
    pages = {20--71},
      doi = {}
}

@article{RobertsTweedie1996,
   author = {{Roberts}, Gareth O. and {Tweedie}, Richard L.},
    title = {Geometric convergence and central limit theorems for multidimensional Hastings and Metropolis algorithms},
  journal = {Biometrika},
     year = {1996},
     month = {mar},
   volume = {83},
   number = {1},
    pages = {95--110},
      doi = {}
}

@article{TweedieRoberts1996,
   author = {{Roberts}, Gareth O. and {Tweedie}, Richard L.},
    title = {Exponential Convergence of Langevin Distributions and Their Discrete Approximations},
  journal = {Biometrika},
     year = {1996},
    month = {dec},
   volume = {2},
   number = 4,
    pages = {341--363},
      doi = {}
}


@article{Christensen2003,
    author = {{Christensen}, Ole F. and {Roberts}, Gareth O. and {Rosenthal}, Jeffrey S.},
    title = {Scaling Limits for the Transient Phase of Local Metropolis-Hastings Algorithms},
     journal = {Journal of the Royal Statistical Society: Series B},
     year = {2005},
   volume = {67},
    pages = {253--268},
}

@article{Jourdain2013,
    author = {{Jourdain}, Benjamin and {Leli\`{e}vre}, Tony and {Miasojedow}, Bla\.{z}ey},
     title = {Optimal scaling for the transient phase of the random walk Metropolis algorithm: The mean-field limit},
   journal = {Annals of Applied Probability},
      year = {2013},
     month = dec,
}

@InCollection{Beskos2009,
    Author = {{Beskos}, A. and {Stuart}, A.},
    Title = {{Computational Complexity of Metropolis-Hastings Methods in High Dimensions.}},
    BookTitle = {{Monte Carlo Quasi-Monte Carlo Methods 2008}},
    Pages = {61--71},
    Year = {2009},
    Publisher = {Springer-Verlag Berlin},
}

@InCollection{Rosenthal2008,
    Author = {{Rosenthal}, Jeffrey S.},
    Title = {{Optimal Proposal Distributions and Adaptive MCMC.}},
    BookTitle = {{MCMC Handbook}},
    Editor = {{Brooks}, S. and {Gelman}, A. and {Jones}, G. and {Meng}, X.-L.},
    Year = {2011},
    Publisher = {Chapman and Hall/CRC },
}

@article{Gelman1996,
    author = {{Gelman}, A. and {Roberts}, G. O. and {Gilks}, W. R.},
     title = {Efficient Metropolis Jumping Rules},
   journal = {Bayesian Statistics},
      year = {1996},
      volume = {2},
    number = {5},
     pages = {599--607},
}

@article{Roberts1998,
   author = {{Roberts}, Gareth O. and {Rosenthal}, Jeffrey S.},
    title = {Optimal Scaling of Discrete Approximations to Langevin Diffusions},
  journal = {Journal of the Royal Statistical Society. Series B (Statistical Methodology)},
     year = {1998},
   volume = {60},
   number = {1},
    pages = {255--268},
      doi = {}
}

@article{Breyer2000,
   author = {{Roberts}, Gareth O. and {Breyer}, L. A.},
    title = {From Metropolis to diffusions: Gibbs states and optimal scaling},
  journal = {Stochastic Processes and their Applications},
     year = {2000},
   volume = {90},
    pages = {181--206},
      doi = {}
}

@article{Roberts1998-2,
   author = {{Roberts}, Gareth O.},
    title = {Optimal Metropolis algorithms for product measures on the vertices of a hypercube},
  journal = {Stochastics Stochastic Rep.},
     year = {1998},
   volume = {62},
    pages = {275--283},
      doi = {}
}

@phdthesis{Sherlock2006,
  author       = {{Sherlock}, Christopher}, 
  title        = {Methodology for inference on the Markov modulated Poisson process and theory for optimal scaling of the random walk Metropolis},
  school       = {Lancaster University},
  year         = 2006,
  month        = 9,
}

@book{Liu2004,
  author    = {{Liu}, Jun S.}, 
  title     = {Monte Carlo Strategies in Scientific Computing},
  publisher = {Springer-Verlag New York},
  year      = 2004,
  edition   = 1
}

@article{Dashti2013,
   author = {{Dashti}, M. and {Law}, K.J.H. and {Stuart}, A.M. and {Voss}, J.},
    title = {MAP estimators and their consistency in Bayesian nonparametric inverse problems},
  journal = {Inverse Problems},
     year = {2013},
   volume = {29},
    pages = {095017},
      doi = {}
}

@article{Delyon2006,
title = {Simulation of conditioned diffusion and application to parameter estimation},
journal = {Stochastic Processes and their Applications},
volume = {116},
number = {11},
pages = {1660--1675},
year = {2006},
author = {Bernard {Delyon} and Ying {Hu}},
}

@book{Kloeden1992,
  author    = {{Kloeden}, Peter E. and {Platen}, Eckhard}, 
  title     = {Numerical Solution of Stochastic Differential Equations},
  publisher = {Springer-Verlag New York},
  year      = {1992},
  edition   = 1
}

@book{Oksendal2003,
  author    = {{\O ksendal}, Bernt}, 
  title     = {Stochastic Differential Equations: An introduction with applications},
  publisher = {Springer-Verlag Berlin},
  year      = {2003},
  edition   = 6
}

@article{Tierny1994,
   author = {{Tierny}, Luke},
    title = {Markov Chains for Exploring Posterior Distributions},
  journal = {The Annals of Statistics},
     year = {1994},
    month = dec,
   volume = {22},
   number = {4},
    pages = {1701--1728},
      doi = {}
}

@article{Athreya1996,
   author = {{Athreya}, Krishna B. and {Doss}, Hani and {Sethuraman}, Jayaram},
    title = {On the convergence of the Markov chain simulation method},
  journal = {The Annals of Statistics},
     year = 1996,
   volume = 24,
   number = 1,
    pages = {69--100},
      doi = {}
}

@book{DaPrato2006,
author = {Guiseppe {Da Prato}},
title = {An Introduction to Infinite-Dimensional Analysis}, 
publisher = {Springer-Verlag Berlin Heidelberg}, 
year = {2006}, 
}

@book{DaPrato2002,
author = {Guiseppe {Da Prato} and Jerzy {Zabczyk}},
title = {Second Order Partial Differential Equations in Hilbert Spaces}, 
publisher = {Cambridge University Press}, 
year = {2002}, 
}

@misc{Dashti2014,
    author    = {Masoumeh {Dashti} and Andrew {Stuart}},
    title     = {The Bayesian Approach to Inverse Problems},
    howpublished = {arXiv:1302.6989},
    year     = {2014},
    month    = {08},
    note     = {Preliminary version of lecture notes to appear in Handbook of Uncertainty Quantification, Editors R. Ghanem, D. Higdon and H. Owhadi, Springer, 2016.},
}

@misc{Hairer2009,
    author    = {Martin {Hairer}},
    title     = {An Introduction to Stochastic PDEs},
    howpublished = {arXiv:0907.4178},
    year     = {2009},
    month    = {07},
    note     = {Lecture notes, University of Warwick / Courant Institute},
}